%YAML 1.1
%TAG !u! tag:unity3d.com,2011:
--- !u!1001 &100100000
Prefab:
  m_ObjectHideFlags: 1
  serializedVersion: 2
  m_Modification:
    m_TransformParent: {fileID: 0}
    m_Modifications: []
    m_RemovedComponents: []
  m_ParentPrefab: {fileID: 0}
  m_RootGameObject: {fileID: 1505536449424798}
  m_IsPrefabParent: 1
--- !u!1 &1505536449424798
GameObject:
  m_ObjectHideFlags: 0
  m_PrefabParentObject: {fileID: 0}
  m_PrefabInternal: {fileID: 100100000}
  serializedVersion: 5
  m_Component:
  - component: {fileID: 4808039315882262}
  - component: {fileID: 114204038384193028}
  - component: {fileID: 114452293363955658}
  - component: {fileID: 114195912979670270}
  m_Layer: 0
  m_Name: Fast Flower Node
  m_TagString: Untagged
  m_Icon: {fileID: 0}
  m_NavMeshLayer: 0
  m_StaticEditorFlags: 0
  m_IsActive: 1
--- !u!4 &4808039315882262
Transform:
  m_ObjectHideFlags: 1
  m_PrefabParentObject: {fileID: 0}
  m_PrefabInternal: {fileID: 100100000}
  m_GameObject: {fileID: 1505536449424798}
  m_LocalRotation: {x: 0, y: 0, z: 0, w: 1}
  m_LocalPosition: {x: 17.264, y: -4.9477468, z: 23.712101}
  m_LocalScale: {x: 1, y: 1, z: 1}
  m_Children: []
  m_Father: {fileID: 0}
  m_RootOrder: 0
  m_LocalEulerAnglesHint: {x: 0, y: 0, z: 0}
--- !u!114 &114195912979670270
MonoBehaviour:
  m_ObjectHideFlags: 1
  m_PrefabParentObject: {fileID: 0}
  m_PrefabInternal: {fileID: 100100000}
  m_GameObject: {fileID: 1505536449424798}
  m_Enabled: 0
  m_EditorHideFlags: 0
  m_Script: {fileID: 11500000, guid: b7515d19f43312e458fd0864cb469e22, type: 3}
  m_Name: 
  m_EditorClassIdentifier: 
  WindSpeed: 1
  WindStretch: 1
  WindForce: 1
  WindDirection: 0
  HeightDelay: 1
  BendBack: 0.25
  WindNoiseScale: 1
  WindNoiseSpeed: 1
  Noise: {fileID: 0}
  Percent: 0
--- !u!114 &114204038384193028
MonoBehaviour:
  m_ObjectHideFlags: 1
  m_PrefabParentObject: {fileID: 0}
  m_PrefabInternal: {fileID: 100100000}
  m_GameObject: {fileID: 1505536449424798}
  m_Enabled: 1
  m_EditorHideFlags: 0
  m_Script: {fileID: 11500000, guid: 7f1c113cd11f540e7abe48a33579b5d7, type: 3}
  m_Name: 
  m_EditorClassIdentifier: 
  flowerPrefab: {fileID: 173046, guid: 743ddf7e468f74befa49c9ed3cd6a9c6, type: 2}
  checkForCreator: 0
  RegrowTime: 5
  MinimumColliderRadius: 0.3
  FlowerObj: {fileID: 0}
  BloomTime: 1
  InstantFirstBloom: 0
  RebloomDelayRange: {x: 1, y: 3}
  BloomingMaterial: {fileID: 2100000, guid: f910bfc2adb4746eab921e6b0dd93ed2, type: 2}
  TransitionMaterial: {fileID: 2100000, guid: cab90144b0a4c754d95ce872fd85c6ea, type: 2}
  AmbientMaterial: {fileID: 2100000, guid: 13eea64cf63840d4f80b7595121069fd, type: 2}
--- !u!114 &114452293363955658
MonoBehaviour:
  m_ObjectHideFlags: 1
  m_PrefabParentObject: {fileID: 0}
  m_PrefabInternal: {fileID: 100100000}
  m_GameObject: {fileID: 1505536449424798}
  m_Enabled: 1
  m_EditorHideFlags: 0
  m_Script: {fileID: 11500000, guid: 4907f573326f2493ca7125303c45803e, type: 3}
  m_Name: 
  m_EditorClassIdentifier: 
